<collection xmlns="http://www.loc.gov/MARC21/slim">
<record>
  <leader>02978nam0a22004571i 450 </leader>
  <controlfield tag="001">IT\ICCU\CNCE\049474</controlfield>
  <controlfield tag="005">20110215000000.0</controlfield>
  <datafield tag="012" ind1=" " ind2=" ">
    <subfield code="a">i.Vi i.i. deer Cice (7) 1508 (R)</subfield>
    <subfield code="2">fei</subfield>
  </datafield>
  <datafield tag="100" ind1=" " ind2=" ">
    <subfield code="a">19991028d1508        0itac0103    ba</subfield>
  </datafield>
  <datafield tag="101" ind1=" " ind2=" ">
    <subfield code="a">LAT</subfield>
  </datafield>
  <datafield tag="102" ind1=" " ind2=" ">
    <subfield code="a">IT</subfield>
  </datafield>
  <datafield tag="200" ind1="1" ind2=" ">
    <subfield code="a">℗Valerii Maximi ℗Opus cum interprete Oliuerio, &amp; paucis annotationibus quas Arcadicus ille sub Theophili nomine marginibus inspersit. Id Antonius Lenas praeclarae indolis adolescens recognouit eo uidelicet consilio ut per eam occasionem bicipitis illius monstri latratus &amp; plusquam cerbeream rabiem coerceret sed preceptoris modestias obtemperans ab incepto destitit gratuita te uindictae praesentem leuitatem compensaturus. In quo quedam opere si quae memoratu digna facile inuenire cupis: index quem Franciscus Puteolanus excogitauerat sine ullo errore commostrabit ...</subfield>
  </datafield>
  <datafield tag="210" ind1=" " ind2=" ">
    <subfield code="e">Impressum Mediolani</subfield>
    <subfield code="h">1508 pridie Cal. Nouembres \!!</subfield>
  </datafield>
  <datafield tag="215" ind1=" " ind2=" ">
    <subfield code="a">\18!, CCXXIIII c.</subfield>
    <subfield code="d">fol</subfield>
  </datafield>
  <datafield tag="300" ind1=" " ind2=" ">
    <subfield code="a">Materiale tipografico di Alessandro Minuziano; edizione di Niccol ̣Gorgonzola. Cfr. A. Ganda, Niccol ̣Gorgonzola editore e libraio in Milano (1496-1536), p. 163 n. 15</subfield>
  </datafield>
  <datafield tag="620" ind1=" " ind2=" ">
    <subfield code="a">IT</subfield>
    <subfield code="d">Milano</subfield>
  </datafield>
  <datafield tag="700" ind1=" " ind2="0">
    <subfield code="a">Valerius Maximus</subfield>
    <subfield code="3">IT\ICCU\CNCA\001232</subfield>
  </datafield>
  <datafield tag="702" ind1=" " ind2="0">
    <subfield code="a">Oliviero</subfield>
    <subfield code="c"> : d&apos;Arzignano</subfield>
    <subfield code="3">IT\ICCU\CNCA\011562</subfield>
  </datafield>
  <datafield tag="702" ind1=" " ind2="1">
    <subfield code="a">Chalcondylas,</subfield>
    <subfield code="b">Theophilus</subfield>
    <subfield code="3">IT\ICCU\CNCA\013408</subfield>
  </datafield>
  <datafield tag="702" ind1=" " ind2="1">
    <subfield code="a">Dal_Pozzo,</subfield>
    <subfield code="b">Francesco</subfield>
    <subfield code="c"> &lt;m. 1490&gt;</subfield>
    <subfield code="3">IT\ICCU\CNCA\018712</subfield>
  </datafield>
  <datafield tag="702" ind1=" " ind2="1">
    <subfield code="a">Lenas,</subfield>
    <subfield code="b">Antonius</subfield>
    <subfield code="3">IT\ICCU\CNCA\021368</subfield>
  </datafield>
  <datafield tag="712" ind1="0" ind2="0">
    <subfield code="a">Minuziano, Alessandro</subfield>
    <subfield code="3">IT\ICCU\CNCT\000404</subfield>
    <subfield code="4">650</subfield>
  </datafield>
  <datafield tag="712" ind1="0" ind2="0">
    <subfield code="a"></subfield>
    <subfield code="3">IT\ICCU\CNCT\000205</subfield>
    <subfield code="4">650</subfield>
  </datafield>
  <datafield tag="790" ind1=" " ind2="0">
    <subfield code="a">Valerio Massimo</subfield>
    <subfield code="3">IT\ICCU\CNCA\024512</subfield>
    <subfield code="z">Valerius Maximus</subfield>
  </datafield>
  <datafield tag="790" ind1=" " ind2="0">
    <subfield code="a">Oliverius</subfield>
    <subfield code="c"> : Arzignanensis</subfield>
    <subfield code="3">IT\ICCU\CNCA\017030</subfield>
    <subfield code="z">Oliviero : d&apos;Arzignano</subfield>
  </datafield>
  <datafield tag="790" ind1=" " ind2="1">
    <subfield code="a">Arzignano,</subfield>
    <subfield code="b">Oliviero : d&apos;</subfield>
    <subfield code="3">IT\ICCU\CNCA\022613</subfield>
    <subfield code="z">Oliviero : d&apos;Arzignano</subfield>
  </datafield>
  <datafield tag="790" ind1=" " ind2="0">
    <subfield code="a">Theophilus</subfield>
    <subfield code="3">IT\ICCU\CNCA\021095</subfield>
    <subfield code="z">Chalcondylas, Theophilus</subfield>
  </datafield>
  <datafield tag="790" ind1=" " ind2="1">
    <subfield code="a">Calcondila,</subfield>
    <subfield code="b">Teofilo</subfield>
    <subfield code="3">IT\ICCU\CNCA\023564</subfield>
    <subfield code="z">Chalcondylas, Theophilus</subfield>
  </datafield>
  <datafield tag="790" ind1=" " ind2="1">
    <subfield code="a">Puteolanus,</subfield>
    <subfield code="b">Franciscus</subfield>
    <subfield code="3">IT\ICCU\CNCA\025873</subfield>
    <subfield code="z">Dal_Pozzo, Francesco &lt;m. 1490&gt;</subfield>
  </datafield>
  <datafield tag="790" ind1=" " ind2="0">
    <subfield code="a">Antonio</subfield>
    <subfield code="c"> : da#Lena</subfield>
    <subfield code="3">IT\ICCU\CNCA\029352</subfield>
    <subfield code="z">Lenas, Antonius</subfield>
  </datafield>
  <datafield tag="791" ind1="0" ind2="0">
    <subfield code="a">Minutianus, Alexander</subfield>
    <subfield code="3">IT\ICCU\CNCT\004001</subfield>
    <subfield code="z">Minuziano, Alessandro</subfield>
  </datafield>
  <datafield tag="791" ind1="0" ind2="2">
    <subfield code="a">Officina Minutiana</subfield>
    <subfield code="3">IT\ICCU\CNCT\005200</subfield>
    <subfield code="z">Minuziano, Alessandro</subfield>
  </datafield>
  <datafield tag="791" ind1="0" ind2="2">
    <subfield code="a">Libraria Minutiana</subfield>
    <subfield code="3">IT\ICCU\CNCT\005201</subfield>
    <subfield code="z">Minuziano, Alessandro</subfield>
  </datafield>
  <datafield tag="791" ind1="0" ind2="0">
    <subfield code="a">Minutiano, Alessandro</subfield>
    <subfield code="3">IT\ICCU\CNCT\005202</subfield>
    <subfield code="z">Minuziano, Alessandro</subfield>
  </datafield>
  <datafield tag="791" ind1="0" ind2="2">
    <subfield code="a">Nicolo da Gorgonzola</subfield>
    <subfield code="3">IT\ICCU\CNCT\004950</subfield>
    <subfield code="z"></subfield>
  </datafield>
  <datafield tag="801" ind1=" " ind2="3">
    <subfield code="a">IT</subfield>
    <subfield code="b">ICCU</subfield>
    <subfield code="c">20201115</subfield>
  </datafield>
  <datafield tag="899" ind1=" " ind2=" ">
    <subfield code="a">Biblioteca del Seminario vescovile. Crema</subfield>
    <subfield code="1">CR0055</subfield>
    <subfield code="2">PBE B8</subfield>
  </datafield>
  <datafield tag="899" ind1=" " ind2=" ">
    <subfield code="a">Biblioteca Apostolica Vaticana. Citt ̉del Vaticano</subfield>
    <subfield code="1">EX0001</subfield>
    <subfield code="2">ZCV 01</subfield>
  </datafield>
  <datafield tag="899" ind1=" " ind2=" ">
    <subfield code="a">Biblioteca nazionale Braidense. Milano</subfield>
    <subfield code="z">MUTILO</subfield>
    <subfield code="1">MI0185</subfield>
    <subfield code="2">MIL NB</subfield>
  </datafield>
  <datafield tag="899" ind1=" " ind2=" ">
    <subfield code="a">Biblioteca dell&apos;Almo collegio teologico. Parma</subfield>
    <subfield code="1">PR0041</subfield>
    <subfield code="2">ZPR 02</subfield>
  </datafield>
  <datafield tag="899" ind1=" " ind2=" ">
    <subfield code="a">Biblioteca del Santuario della Ghiara. Reggio Emilia</subfield>
    <subfield code="1">RE0102</subfield>
    <subfield code="2">ZRE 12</subfield>
  </datafield>
</record>
</collection>
